@article{[1],
author = {罗东亮 and 蔡雨萱 and 杨子豪 and 章哲彦 and 周瑜 and 白翔},
title = {工业缺陷检测深度学习方法综述},
journal = {中国科学:信息科学},
volume = {52},
number = {06},
pages = {1002-1039},
year = {2022},
issn = {1674-7267},
}    

@mastersthesis{[2],
author = {韩慧},
 title = {基于深度学习的工业缺陷检测方法研究},
school = {重庆邮电大学},
year = {2019}
}    

@mastersthesis{[3],
author = {张涤天},
 title = {基于深度学习的工业图像缺陷检测},
school = {苏州大学},
year = {2020}
}    

@phdthesis{[4],
author = {赵君爱},
 title = {基于图像处理的工件表面缺陷检测理论与方法研究},
school = {东南大学},
year = {2016}
}    

@mastersthesis{[5],
author = {蒋羽},
 title = {面向工业应用场景的深度学习缺陷检测方法研究},
school = {浙江大学},
year = {2022}
}    

@article{[6],
author = {张涛 and 刘玉婷 and 杨亚宁 and 王鑫 and 金映谷},
title = {基于机器视觉的表面缺陷检测研究综述},
journal = {科学技术与工程},
volume = {20},
number = {35},
pages = {14366-14376},
year = {2020},
issn = {1671-1815},
}     

@article{[7],
author = {汤勃 and 孔建益 and 伍世虔},
title = {机器视觉表面缺陷检测综述},
journal = {中国图象图形学报},
volume = {22},
number = {12},
pages = {1640-1663},
year = {2017},
issn = {1006-8961},
}

@phdthesis{[8],
author = {王帅},
 title = {基于机器视觉的产品表面缺陷检测关键算法研究},
school = {中国科学院大学(中国科学院沈阳计算技术研究所)},
year = {2021}
}    

@article{[9],
author = {王文鹏 and 秦寅畅 and 师文轩},
title = {工业缺陷检测无监督深度学习方法综述},
journal = {计算机应用},
pages = {1-16},
issn = {1001-9081},
}    

@article{[10],
author = {金映谷 and 张涛 and 杨亚宁 and 王月 and 刘玉婷},
title = {基于深度学习的产品缺陷检测方法综述},
journal = {大连民族大学学报},
volume = {22},
number = {05},
pages = {420-427},
year = {2020},
issn = {2096-1383},
doi = {10.13744/j.cnki.cn21-1431/g4.2020.05.007}
}    

@article{[11],
author = {伍麟 and 郝鸿宇 and 宋友},
title = {基于计算机视觉的工业金属表面缺陷检测综述},
journal = {自动化学报},
volume = {50},
number = {07},
pages = {1261-1283},
year = {2024},
issn = {0254-4156},
doi = {10.16383/j.aas.c230039}
}

@article{[12],
author = {魏利胜 and 李明},
title = {基于深度学习的工业产品表面缺陷检测综述},
journal = {绥化学院学报},
volume = {44},
number = {06},
pages = {151-156},
year = {2024},
issn = {2095-0438},
}    

@misc{[13],
      title={SimpleNet: A Simple Network for Image Anomaly Detection and Localization}, 
      author={Zhikang Liu and Yiming Zhou and Yuansheng Xu and Zilei Wang},
      year={2023},
      eprint={2303.15140},
      archivePrefix={arXiv},
      primaryClass={cs.CV},
      url={https://arxiv.org/abs/2303.15140}, 
}

@misc{[14],
      title={AnomalyGPT: Detecting Industrial Anomalies Using Large Vision-Language Models}, 
      author={Zhaopeng Gu and Bingke Zhu and Guibo Zhu and Yingying Chen and Ming Tang and Jinqiao Wang},
      year={2023},
      eprint={2308.15366},
      archivePrefix={arXiv},
      primaryClass={cs.CV},
      url={https://arxiv.org/abs/2308.15366}, 
}

@article{[15],
author = {陆远蓉},
title = {基于UML的“4+1”视图软件体系结构描述研究},
journal = {现代计算机(专业版)},
volume = {},
number = {04},
pages = {27-30},
year = {2011},
issn = {1007-1423},
}    

@INPROCEEDINGS{[16],
  author={Bergmann, Paul and Fauser, Michael and Sattlegger, David and Steger, Carsten},
  booktitle={2019 IEEE/CVF Conference on Computer Vision and Pattern Recognition (CVPR)}, 
  title={MVTec AD — A Comprehensive Real-World Dataset for Unsupervised Anomaly Detection}, 
  year={2019},
  volume={},
  number={},
  pages={9584-9592},
  keywords={Datasets and Evaluation;Deep Learning},
  doi={10.1109/CVPR.2019.00982}}
